% Maschinelle Uebersetzung mathematischer TeXte
@article{Machine_Translation_of_Mathematical_Text_Ohri_2020,
  author = {Ohri, Aditya and Schmah, Tanya},
  journal = {IEEE Access}, 
  title = {Machine Translation of Mathematical Text}, 
  year = {2021},
  volume = {9},
  number = {},
  pages = {38078-38086},
  keywords = {Machine translation;Internet;Encyclopedias;Electronic publishing;Vocabulary;Terminology;Training;Machine translation;natural language processing;multi-layer neural network;LaTeX},
  doi = {10.1109/ACCESS.2021.3063715},
  url = {https://arxiv.org/pdf/2010.05229},
  urldate = {2025-06-15},
}

@misc{Neural_Machine_Translation_for_Mathematical_Formulae_Petersen_2023,
    title = {Neural Machine Translation for Mathematical Formulae}, 
    author = {Felix Petersen and Moritz Schubotz and Andre Greiner-Petter and Bela Gipp},
    year = {2023},
    eprint = {2305.16433},
    archivePrefix = {arXiv},
    primaryClass = {cs.CL},
    url = {https://arxiv.org/abs/2305.16433}, 
    urldate = {2025-06-15},
}





% Compiler: General
@book{dragonbook_compiler,
 author = {Aho, Alfred V. and Lam, Monica S. and Sethi, Ravi and Ullman, Jeffrey D.},
 title = {Compilers. {Principles}, techniques, and tools},
 edition = {2nd ed.},
 isbn = {978-0-321-48681-3; 978-0-321-49169-5},
 year = {2007},
 publisher = {Boston, MA: Pearson/Addison Wesley},
 language = {English},
 keywords = {68-01,68N20},
 zbMATH = {5344975},
 Zbl = {1429.68002}
}

% Compiler: Review von Lexer-Implementierungen
@article{Review_of_Lexical_analyzer_Implementation_Pai_2020,
  author = {Sharaf Hussain and Samita Bai and Shakeel Khoja},
  journal = {International Journal of Applied Engineering and Management Letters},
  number = {4(2)},
  issn = {2581-7000},
  title = {A Systematic Literature Review of Lexical Analyzer Implementation Techniques in Compiler Design},
  volume = {},
  year = {2020},
  url={https://ssrn.com/abstract=3770588},
  urldate = {2025-06-15},
}





% Sonstige
@article{Soziale_Kompetenzen_fuer_Informatiker_Schumacher_2013,
  codeberg = {https://codeberg.org/0xKaishakunin/Publikationen/src/branch/main/Artikel/GUUG-UpTimes/guug-uptimes201303-sozialekompetenzen.pdf},
  ids = {Schumacher-ut-SozialeKompetenzen},
  author = {Stefan Schumacher},
  title = {Soziale Kompetenzen für Informatiker},
  year = {2013},
  volume = {3},
  address = {Berlin},
  publisher = {{Lehmanns Media}},
  journaltitle = {UpTimes},
  issn = {2195-0016},
  language = {german},
  url = {https://guug.de/wp-content/uploads/2020/11/uptimes_2013-03.pdf},
  urldate = {2025-06-15},
  keywords = {steschum,uptimes,soziale kompetenzen,kompetenzentwicklung},
  pages = {18-28},
  abstract = {Trotz breiten Aufgabenspektrums gilt die Informatik als technozentrisch: Informatiker werden traditionell als Ingenieur oder Naturwissenschaftler ausgebildet. Soziale Kompetenzen kommen in der Ausbildung kaum vor. Dieser Artikel stellt Grundlagen der sozialen Kompetenzen vor und zeigt, wie sie trainiert werden},
}

@misc{LaTeX,
  author = {{The LaTeX Project}},
  title = {{LaTeX – A document preparation system}},
  year = {2025},
  language = {english},
  url = {https://latex-project.org/},
  urldate = {2025-06-16},
}